@article{anderson:survey,
 author = {Anderson, Charles L. and Nguyen, Minh},
 title = {A survey of contemporary instructional operating systems for use in
  undergraduate courses},
 journal = {J. Comput. Small Coll.},
 volume = {21},
 number = {1},
 year = {2005},
 issn = {1937-4771},
 pages = {183--190},
 publisher = {Consortium for Computing Sciences in Colleges},
 address = {, USA},
 }

@inproceedings{hovemeyer:geekos,
 author = {Hovemeyer, David and Hollingsworth, Jeffrey K. and Bhattacharjee, 
  Bobby},
 title = {Running on the bare metal with {GeekOS}},
 booktitle = {SIGCSE '04: Proceedings of the 35th SIGCSE technical symposium on Computer science education},
 year = {2004},
 isbn = {1-58113-798-2},
 pages = {315--319},
 location = {Norfolk, Virginia, USA},
 doi = {http://doi.acm.org/10.1145/971300.971411},
 publisher = {ACM},
 address = {New York, NY, USA},
 }

@inproceedings{black:osfs,
 author = {Black, Michael D.},
 title = {Build an operating system from scratch: a project for an 
  introductory operating systems course},
 booktitle = {SIGCSE '09: Proceedings of the 40th ACM technical symposium on Computer science education},
 year = {2009},
 isbn = {978-1-60558-183-5},
 pages = {448--452},
 location = {Chattanooga, TN, USA},
 doi = {http://doi.acm.org/10.1145/1508865.1509022},
 publisher = {ACM},
 address = {New York, NY, USA},
 }

@article{tanenbaum:minix,
 author = {Tanenbaum, Andrew S},
 title = {A {UNIX} clone with source code for operating systems courses},
 journal = {SIGOPS Oper. Syst. Rev.},
 volume = {21},
 number = {1},
 year = {1987},
 issn = {0163-5980},
 pages = {20--29},
 doi = {http://doi.acm.org/10.1145/24592.24596},
 publisher = {ACM},
 address = {New York, NY, USA},
 }

@article{gary:nachos,
 author = {Gary, James E.},
 title = {Using {N}achos in an upper division operating systems course},
 journal = {J. Comput. Small Coll.},
 volume = {18},
 number = {2},
 year = {2002},
 issn = {1937-4771},
 pages = {337--345},
 publisher = {Consortium for Computing Sciences in Colleges},
 address = {, USA},
 }

@techreport{christopher:nachos,
 author = {Christopher, Wayne A. and Procter, Steven J. and Anderson, Thomas E.},
 title = {The {N}achos {I}nstructional {O}perating {S}ystem},
 year = {1993},
 source = {http://www.ncstrl.org:8900/ncstrl/servlet/search?formname=detail\&id=oai%3Ancstrlh%3Aucb%3AUCB%2F%2FCSD-93-739},
 publisher = {University of California at Berkeley},
 address = {Berkeley, CA, USA},
 }

@article{claypool:fossil,
 author = {Claypool, Mark and Finkel, David and Wills, Craig},
 title = {An open source laboratory for operating systems projects},
 journal = {SIGCSE Bull.},
 volume = {33},
 number = {3},
 year = {2001},
 issn = {0097-8418},
 pages = {145--148},
 doi = {http://doi.acm.org/10.1145/507758.377669},
 publisher = {ACM},
 address = {New York, NY, USA},
}

@inproceedings{dayo:dexos,
 author = {Joseph Emmanuel Dayo and Concepcion L. Khan},
 title = {{DEX-OS: An Aspect-Oriented Approach in Developing an Educational
          Extensible Operating System for the IBM PC and Compatibles}},
 booktitle = {Proceedings of the 4th Philippine Computing  Science Congress},
 year = {2004},
 publisher = {Computing Society of the Philippines},
}

@book{silberschatz:osc,
 author = {Silberschatz, Abraham and Galvin, Peter Baer},
 title = {Operating System Concepts (5th Edition)},
 year = {1999},
 isbn = {0471364142},
 publisher = {John Wiley \& Sons, Inc.},
 address = {New York, NY, USA},
 }

@book{tanenbaum:osdai,
 author = {Tanenbaum, Andrew S and Woodhull, Albert S},
 title = {Operating Systems Design and Implementation (3rd Edition)},
 year = {2005},
 isbn = {0131429388},
 publisher = {Prentice-Hall, Inc.},
 address = {Upper Saddle River, NJ, USA},
}

