@ARTICLE{pstone00,
	AUTHOR="P. Stone and M. Veloso",
	TITLE="Multiagent Systems: A Survey from a Machine Learning Perspective",
	JOURNAL="Autonomous Robotics",
	YEAR="2000"	
}


@MISC{pfong04,
	AUTHOR="Philip W. L. Fong",
	TITLE="How to Read a CS Research Paper?",
	NOTE="http://www2.cs.uregina.ca/~pwlfong/CS499/reading-paper.pdf"
}

% $Id$
