@book{Silberschatz:OSC,
 author = {Silberschatz, Abraham and Galvin, Peter Baer},
 title = {Operating System Concepts (5th Edition)},
 year = {1999},
 isbn = {0471364142},
 publisher = {John Wiley \& Sons, Inc.},
 address = {New York, NY, USA},
 }

@book{Tanenbaum:OSDAI,
 author = {Tanenbaum, Andrew S and Woodhull, Albert S},
 title = {Operating Systems Design and Implementation (3rd Edition)},
 year = {2005},
 isbn = {0131429388},
 publisher = {Prentice-Hall, Inc.},
 address = {Upper Saddle River, NJ, USA},
}

