@ARTICLE{pstone00,
	AUTHOR="P. Stone and M. Veloso",
	TITLE="Multiagent Systems: A Survey from a Machine Learning Perspective",
	JOURNAL="Autonomous Robotics",
	YEAR="2000"	
}

% $Id$
